<?xml version="1.0" encoding="UTF-8"?><collection xmlns="http://www.loc.gov/MARC21/slim"><record><leader>00552nam--2200193-u-4500</leader><controlfield tag="001">000055022</controlfield><controlfield tag="002">20161230</controlfield><controlfield tag="005">20161230201051</controlfield><controlfield tag="008">121022s1000------------r-----000-0-eng-d</controlfield><datafield ind1=" " ind2=" " tag="020"><subfield code="a">9789738596283</subfield></datafield><datafield ind1=" " ind2=" " tag="040"><subfield code="a">IFIN-HH</subfield></datafield><datafield ind1=" " ind2=" " tag="080"><subfield code="a">02(498)</subfield></datafield><datafield ind1="1" ind2=" " tag="100"><subfield code="a">Regneala, Mircea</subfield></datafield><datafield ind1="1" ind2="0" tag="245"><subfield code="a">Romanian libraries</subfield><subfield code="b">English version corina apostoleanu</subfield><subfield code="c">Mircea regenala (ed.)</subfield></datafield><datafield ind1=" " ind2=" " tag="260"><subfield code="a">Bucharest</subfield><subfield code="b">The Romanian Library Association</subfield><subfield code="c">2011</subfield></datafield><datafield ind1=" " ind2=" " tag="300"><subfield code="a">225P</subfield></datafield><datafield ind1=" " ind2=" " tag="490"><subfield code="a">Series Biblioteca Abr</subfield><subfield code="v">Vol. 25</subfield></datafield><datafield ind1=" " ind2=" " tag="852"><subfield code="a">82348</subfield><subfield code="c">02</subfield></datafield><datafield ind1=" " ind2=" " tag="CAT"><subfield code="a">Sys</subfield><subfield code="c">20131106</subfield><subfield code="h">163612</subfield></datafield></record></collection>